@misc{nasa, title={Specific Impulse}, url={https://www.grc.nasa.gov/WWW/k-12/airplane/specimp.html}, journal={NASA}, publisher={NASA}}
@misc{speed, title={FYI: How Long Would It Take Santa To Deliver Presents To Every Kid On Earth?}, url={https://www.popsci.com/science/article/2012-12/fyi-how-long-would-it-take-santa-deliver-presents-every-kid-earth/}, journal={Popular Science}, author={Wise, Abigail}}
@article{deer_bmr, title={Regulation of metabolic rate in Svalbard and Norwegian reindeer}, volume={247}, DOI={10.1152/ajpregu.1984.247.5.r837}, number={5}, journal={American Journal of Physiology-Regulatory, Integrative and Comparative Physiology}, author={Nilssen, K. J. and Sundsfjord, J. A. and Blix, A. S.}, year={1984}}